
@article{armeev_abstract_2019,
  title = {Abstract {{OR}}-19: {{Integrative Approach}} on {{Nucleosome Complexes Modeling}}},
  author = {Armeev, G. A. and Panchenko, A. R. and Shaytan, A. K.},
  date = {2019},
  journaltitle = {International Journal of Biomedicine},
  volume = {9},
  pages = {13--14},
  keywords = {abstract,novak},
  number = {s1}
}

@article{armeev_analyzing_2019,
  title = {Analyzing Nucleosome Plasticity Using Molecular Dynamics Simulations},
  author = {Armeev, G A and Pospelova, Iunona and Knyazeva, A and Komarova, G. A and Shaytan, A. K.},
  date = {2019},
  journaltitle = {FEBS Open Bio},
  volume = {9},
  pages = {19},
  doi = {10.1002/2211-5463.12674},
  issue = {sup1},
  keywords = {abstract,vak}
}

@article{armeev_conformational_2015,
  title = {Conformational Flexibility of Nucleosomes: {{A}} Molecular Dynamics Study},
  shorttitle = {Conformational Flexibility of Nucleosomes},
  author = {Armeev, G. A. and Shaitan, K. V. and Shaytan, A. K.},
  date = {2015-07},
  journaltitle = {Moscow University Biological Sciences Bulletin},
  volume = {70},
  pages = {147--151},
  issn = {0096-3925, 1934-791X},
  doi = {10.3103/S0096392515030025},
  url = {http://link.springer.com/10.3103/S0096392515030025},
  urldate = {2019-03-26},
  file = {/Users/alexsha/Zotero/storage/PDYFYRNG/Armeev et al. - 2015 - Conformational flexibility of nucleosomes A molec.pdf},
  keywords = {article,vak},
  langid = {english},
  number = {3}
}

@article{armeev_integrative_2020,
  title = {Integrative {{Modeling}} of {{Nucleosomes}} and {{Supranucleosomal Structures}}},
  author = {Armeev, G. A. and Panchenko, A. R. and Feofanov, A. V. and Shaytan, A. K.},
  date = {2020},
  journaltitle = {Biophysical Journal},
  volume = {118},
  doi = {10.1016/j.bpj.2019.11.527},
  keywords = {abstract,vak},
  number = {3}
}

@article{armeev_linking_2019,
  title = {Linking Chromatin Composition and Structural Dynamics at the Nucleosome Level},
  author = {Armeev, Grigoriy A and Gribkova, Anna K and Pospelova, Iunona and Komarova, Galina A and Shaytan, Alexey K},
  date = {2019-06},
  journaltitle = {Current Opinion in Structural Biology},
  volume = {56},
  pages = {46--55},
  issn = {0959440X},
  doi = {10.1016/j.sbi.2018.11.006},
  url = {https://linkinghub.elsevier.com/retrieve/pii/S0959440X18300885},
  urldate = {2019-03-26},
  file = {/Users/alexsha/Zotero/storage/7JDCA95A/Armeev et al. - 2019 - Linking chromatin composition and structural dynam.pdf},
  keywords = {article,high_impact,vak},
  langid = {english}
}

@article{armeev_modeling_2016,
  title = {Modeling of the Structure of Protein–{{DNA}} Complexes Using the Data from {{FRET}} and Footprinting Experiments},
  author = {Armeev, G. A. and Gorkovets, T. K. and Efimova, D. A. and Shaitan, K. V. and Shaytan, A. K.},
  date = {2016-01},
  journaltitle = {Moscow University Biological Sciences Bulletin},
  volume = {71},
  pages = {29--33},
  issn = {0096-3925, 1934-791X},
  doi = {10.3103/S0096392516010016},
  url = {http://link.springer.com/10.3103/S0096392516010016},
  urldate = {2019-03-26},
  file = {/Users/alexsha/Zotero/storage/TL62AM7W/Armeev et al. - 2016 - Modeling of the structure of protein–DNA complexes.pdf},
  keywords = {article,vak},
  langid = {english},
  number = {1}
}

@article{armeev_modelirovanie_2013,
  title = {Моделирование Нуклеосом Методами Атомистического Суперкомпьютерного Моделирования},
  author = {{Армеев, Г.А.} and {Блинов, В.Н.} and {Севенюк, А.А.} and {Студитский, В.М.} and {Шайтан, А.К.}},
  date = {2013},
  journaltitle = {Journal of Qafqaz University - Physics},
  volume = {1},
  pages = {3--11},
  file = {/Users/alexsha/Zotero/storage/X3SDBUVD/Армеев et al. 2013 - МОДЕЛИРОВАНИЕ НУКЛЕОСОМ МЕТОДАМИ АТОМИСТИЧЕСКОГО СУПЕРКОМПЬЮТЕРНОГО МОДЕЛИРОВАНИЯ.pdf},
  keywords = {article,novak},
  number = {2}
}

@article{armeev_molecular_2015,
  title = {Molecular Dynamics Study of the Ionic Environment and Electrical Characteristics of Nucleosomes},
  author = {Armeev, G. A. and Shaitan, K. V. and Shaitan, A. K.},
  date = {2015-10},
  journaltitle = {Moscow University Biological Sciences Bulletin},
  volume = {70},
  pages = {173--176},
  issn = {0096-3925, 1934-791X},
  doi = {10.3103/S0096392515040033},
  url = {http://link.springer.com/10.3103/S0096392515040033},
  urldate = {2019-03-26},
  file = {/Users/alexsha/Zotero/storage/NV5EHUG7/Armeev et al. - 2015 - Molecular dynamics study of the ionic environment .pdf},
  keywords = {article,vak},
  langid = {english},
  number = {4}
}

@article{armeev_nucleosome_2016,
  title = {Nucleosome Structure Relaxation during {{DNA}} Unwrapping: {{Molecular}} Dynamics Simulation Study},
  shorttitle = {Nucleosome Structure Relaxation during {{DNA}} Unwrapping},
  author = {Armeev, G. A. and Shaitan, K. V. and Shaytan, A. K.},
  date = {2016-07},
  journaltitle = {Moscow University Biological Sciences Bulletin},
  volume = {71},
  pages = {141--144},
  issn = {0096-3925, 1934-791X},
  doi = {10.3103/S0096392516030020},
  url = {http://link.springer.com/10.3103/S0096392516030020},
  urldate = {2019-03-26},
  file = {/Users/alexsha/Zotero/storage/KGVBFYG8/Armeev et al. - 2016 - Nucleosome structure relaxation during DNA unwrapp.pdf},
  keywords = {article,vak},
  langid = {english},
  number = {3}
}

@article{armeev_python_2019,
  title = {Python Toolkit for {{DNA}} Geometry Analysis and Modeling},
  author = {Armeev, G. A. and Sukhanova, I.A. and Shaytan, A. K.},
  date = {2019},
  journaltitle = {FEBS Open Bio},
  volume = {9},
  pages = {150},
  doi = {10.1002/2211-5463.12675},
  issue = {sup1},
  keywords = {abstract,vak}
}

@article{bass_abstract_2019,
  title = {Abstract {{P}}-20: {{Linker Histone H1}}: {{The Interplay}} between {{Chromatosome Stability}}, {{Oncomutations}} and {{Post}}-{{Translational Modifications}}},
  author = {Bass, M. V. and Armeev, G. A. and Shaytan, A. K.},
  date = {2019},
  journaltitle = {International Journal of Biomedicine},
  volume = {9},
  pages = {25},
  keywords = {abstract,novak},
  number = {S1}
}

@article{bass_effect_2019,
  title = {The {{Effect}} of {{Oncomutations}} and {{Posttranslational Modifications}} of {{Histone H1}} on {{Chromatosome Structure}} and {{Stability}}},
  author = {Bass, M. V. and Armeev, G. A. and Shaitan, K. V. and Shaytan, A. K.},
  date = {2019-07},
  journaltitle = {Moscow University Biological Sciences Bulletin},
  volume = {74},
  pages = {121--126},
  issn = {0096-3925, 1934-791X},
  doi = {10.3103/S0096392519030015},
  url = {http://link.springer.com/10.3103/S0096392519030015},
  urldate = {2019-11-14},
  file = {/Users/alexsha/Zotero/storage/K6XAH5PB/Bass et al. - 2019 - The Effect of Oncomutations and Posttranslational .pdf},
  keywords = {article,vak},
  langid = {english},
  number = {3}
}

@article{biswas_genomic_2016,
  title = {Genomic Profiling of Multiple Sequentially Acquired Tumor Metastatic Sites from an “Exceptional Responder” Lung Adenocarcinoma Patient Reveals Extensive Genomic Heterogeneity and Novel Somatic Variants Driving Treatment Response},
  author = {Biswas, Romi and Gao, Shaojian and Cultraro, Constance M. and Maity, Tapan K. and Venugopalan, Abhilash and Abdullaev, Zied and Shaytan, Alexey K. and Carter, Corey A. and Thomas, Anish and Rajan, Arun and Song, Young and Pitts, Stephanie and Chen, Kevin and Bass, Sara and Boland, Joseph and Hanada, Ken-Ichi and Chen, Jinqiu and Meltzer, Paul S. and Panchenko, Anna R. and Yang, James C. and Pack, Svetlana and Giaccone, Giuseppe and Schrump, David S. and Khan, Javed and Guha, Udayan},
  date = {2016-11},
  journaltitle = {Molecular Case Studies},
  volume = {2},
  pages = {a001263},
  issn = {2373-2865, 2373-2873},
  doi = {10.1101/mcs.a001263},
  url = {http://molecularcasestudies.cshlp.org/lookup/doi/10.1101/mcs.a001263},
  urldate = {2019-03-26},
  file = {/Users/alexsha/Zotero/storage/K59TI2V2/Biswas et al. - 2016 - Genomic profiling of multiple sequentially acquire.pdf},
  keywords = {article,vak},
  langid = {english},
  number = {6}
}

@article{bozdaganyan_comparative_2014,
  title = {Comparative {{Computational Study}} of {{Interaction}} of {{C60}}-{{Fullerene}} and {{Tris}}-{{Malonyl}}-{{C60}}-{{Fullerene Isomers}} with {{Lipid Bilayer}}: {{Relation}} to {{Their Antioxidant Effect}}},
  shorttitle = {Comparative {{Computational Study}} of {{Interaction}} of {{C60}}-{{Fullerene}} and {{Tris}}-{{Malonyl}}-{{C60}}-{{Fullerene Isomers}} with {{Lipid Bilayer}}},
  author = {Bozdaganyan, Marine E. and Orekhov, Philipp S. and Shaytan, Alexey K. and Shaitan, Konstantin V.},
  editor = {Soares, Claudio M.},
  date = {2014-07-14},
  journaltitle = {PLoS ONE},
  volume = {9},
  pages = {e102487},
  issn = {1932-6203},
  doi = {10.1371/journal.pone.0102487},
  url = {https://dx.plos.org/10.1371/journal.pone.0102487},
  urldate = {2019-03-26},
  file = {/Users/alexsha/Zotero/storage/VPHKVK96/Bozdaganyan et al. - 2014 - Comparative Computational Study of Interaction of .pdf},
  keywords = {article,high_impact,vak},
  langid = {english},
  number = {7}
}

@article{chang_analysis_2014,
  title = {Analysis of the Mechanism of Nucleosome Survival during Transcription},
  author = {Chang, Han-Wen and Kulaeva, Olga I. and Shaytan, Alexey K. and Kibanov, Mikhail and Kuznedelov, Konstantin and Severinov, Konstantin V. and Kirpichnikov, Mikhail P. and Clark, David J. and Studitsky, Vasily M.},
  date = {2014-02},
  journaltitle = {Nucleic Acids Research},
  volume = {42},
  pages = {1619--1627},
  issn = {1362-4962, 0305-1048},
  doi = {10.1093/nar/gkt1120},
  url = {https://academic.oup.com/nar/article-lookup/doi/10.1093/nar/gkt1120},
  urldate = {2019-03-26},
  file = {/Users/alexsha/Zotero/storage/LRQN4QZZ/nar-01644-m-2013-File010.pdf;/Users/alexsha/Zotero/storage/T374VZTF/Chang et al. - 2014 - Analysis of the mechanism of nucleosome survival d.pdf},
  keywords = {article,high_impact,vak},
  langid = {english},
  number = {3}
}

@article{chang_pausing_2013,
  title = {Pausing as a Mechanism of Nucleosome Recovery},
  author = {Chang, Han-Wen and Kulaeva, Olga I and Shaytan, Alexey and Kibanov, M and Severinov, K and Clark, David J and Studitsky, Vasily M},
  date = {2013-03},
  journaltitle = {Epigenetics \& Chromatin},
  volume = {6},
  issn = {1756-8935},
  doi = {10.1186/1756-8935-6-S1-P14},
  url = {https://epigeneticsandchromatin.biomedcentral.com/articles/10.1186/1756-8935-6-S1-P14},
  urldate = {2019-03-26},
  file = {/Users/alexsha/Zotero/storage/JZ8Z7WQ2/Chang et al. - 2013 - Pausing as a mechanism of nucleosome recovery.pdf},
  keywords = {abstract,vak},
  langid = {english},
  number = {S1}
}

@article{chang_structural_2013,
  title = {Structural {{Analysis}} of the {{Key Intermediate Formed}} during {{Transcription}} through a {{Nucleosome}}},
  author = {Chang, H.-W. and Shaytan, A. K. and Hsieh, F.-K. and Kulaeva, O. I. and Kirpichnikov, M. P. and Studitsky, V. M.},
  date = {2013},
  journaltitle = {Trends in Cell \& Molecular Biology},
  shortjournal = {Trends Cell Mol Biol},
  volume = {8},
  pages = {13--23},
  issn = {0972-8449},
  eprint = {25364155},
  eprinttype = {pmid},
  file = {/Users/alexsha/Zotero/storage/C22BM6RC/Chang et al. 2013 - Structural Analysis of the Key Intermediate Formed during Transcription through a Nucleosome.pdf},
  keywords = {article,vak},
  langid = {english},
  pmcid = {PMC4214391}
}

@article{chertkov_dual_2017,
  title = {Dual {{Active Site}} in the {{Endolytic Transglycosylase}} Gp144 of {{Bacteriophage phiKZ}}},
  author = {Chertkov, O V and Armeev, G A and Uporov, I V and Legotsky, S A and Sykilinda, N N and Shaytan, A K and Klyachko, N L and Miroshnikov, K A},
  date = {2017},
  journaltitle = {Acta Naturae},
  shortjournal = {Acta Naturae},
  volume = {9},
  pages = {7},
  file = {/Users/alexsha/Zotero/storage/2CPSUCNB/Chertkov et al. - Dual Active Site in the Endolytic Transglycosylase.pdf},
  keywords = {article,vak},
  langid = {english},
  number = {1}
}

@article{draizen_histonedb_2016,
  title = {{{HistoneDB}} 2.0: A Histone Database with Variants—an Integrated Resource to Explore Histones and Their Variants},
  shorttitle = {{{HistoneDB}} 2.0},
  author = {Draizen, Eli J. and Shaytan, Alexey K. and Mariño-Ramírez, Leonardo and Talbert, Paul B. and Landsman, David and Panchenko, Anna R.},
  date = {2016},
  journaltitle = {Database},
  edition = {2016/03/19},
  volume = {2016},
  pages = {baw014},
  issn = {1758-0463},
  doi = {10.1093/database/baw014},
  url = {https://academic.oup.com/database/article-lookup/doi/10.1093/database/baw014},
  urldate = {2019-03-26},
  file = {/Users/alexsha/Zotero/storage/ELCIR4IM/Draizen et al. - 2016 - HistoneDB 2.0 a histone database with variants—an.pdf;/Users/alexsha/Zotero/storage/NNU33S3R/Draizen и др. - 2016 - HistoneDB 2.0 a histone database with variants--a.pdf;/Users/alexsha/Zotero/storage/W8RTAC7E/Draizen и др. - 2016 - HistoneDB 2.0 a histone database with variants—an.pdf},
  keywords = {article,high_impact,vak},
  langid = {english}
}

@article{el_kennani_ms_histonedb_2017,
  title = {{{MS}}\_{{HistoneDB}}, a Manually Curated Resource for Proteomic Analysis of Human and Mouse Histones},
  author = {El Kennani, Sara and Adrait, Annie and Shaytan, Alexey K. and Khochbin, Saadi and Bruley, Christophe and Panchenko, Anna R. and Landsman, David and Pflieger, Delphine and Govin, Jérôme},
  date = {2017-12},
  journaltitle = {Epigenetics \& Chromatin},
  volume = {10},
  issn = {1756-8935},
  doi = {10.1186/s13072-016-0109-x},
  url = {http://epigeneticsandchromatin.biomedcentral.com/articles/10.1186/s13072-016-0109-x},
  urldate = {2019-03-26},
  file = {/Users/alexsha/Zotero/storage/74RKM88V/El Kennani et al. - 2017 - MS_HistoneDB, a manually curated resource for prot.pdf;/Users/alexsha/Zotero/storage/GQ7J258C/El Kennani et al. - 2017 - MS_HistoneDB, a manually curated resource for prot.pdf},
  keywords = {article,high_impact,vak},
  langid = {english},
  number = {1}
}

@article{frank_direct_2015,
  title = {Direct Prediction of Residual Dipolar Couplings of Small Molecules in a Stretched Gel by Stochastic Molecular Dynamics Simulations: {{Direct}} Prediction of Residual Dipolar Couplings by Stochastic {{MD}} Simulations},
  shorttitle = {Direct Prediction of Residual Dipolar Couplings of Small Molecules in a Stretched Gel by Stochastic Molecular Dynamics Simulations},
  author = {Frank, Andreas O. and Freudenberger, J. Christoph and Shaytan, Alexey K. and Kessler, Horst and Luy, Burkhard},
  date = {2015-03},
  journaltitle = {Magnetic Resonance in Chemistry},
  volume = {53},
  pages = {213--217},
  issn = {07491581},
  doi = {10.1002/mrc.4181},
  url = {http://doi.wiley.com/10.1002/mrc.4181},
  urldate = {2019-03-26},
  file = {/Users/alexsha/Zotero/storage/2DYI5EC2/Frank et al. - 2015 - Direct prediction of residual dipolar couplings of.pdf},
  keywords = {article,high_impact,vak},
  langid = {english},
  number = {3}
}

@article{gaykalova_structural_2015,
  title = {Structural Analysis of Nucleosomal Barrier to Transcription},
  author = {Gaykalova, Daria A. and Kulaeva, Olga I. and Volokh, Olesya and Shaytan, Alexey K. and Hsieh, Fu-Kai and Kirpichnikov, Mikhail P. and Sokolova, Olga S. and Studitsky, Vasily M.},
  date = {2015-10-27},
  journaltitle = {Proceedings of the National Academy of Sciences},
  edition = {2015/10/16},
  volume = {112},
  pages = {E5787-E5795},
  issn = {0027-8424, 1091-6490},
  doi = {10.1073/pnas.1508371112},
  url = {http://www.pnas.org/lookup/doi/10.1073/pnas.1508371112},
  urldate = {2019-03-26},
  file = {/Users/alexsha/Zotero/storage/AIAT4YGB/Gaykalova et al. - 2015 - Structural analysis of nucleosomal barrier to tran.pdf},
  keywords = {article,high_impact,vak},
  langid = {english},
  number = {43}
}

@article{goncearenco_structural_2015,
  title = {Structural {{Perspectives}} on the {{Evolutionary Expansion}} of {{Unique Protein}}-{{Protein Binding Sites}}},
  author = {Goncearenco, Alexander and Shaytan, Alexey K. and Shoemaker, Benjamin A. and Panchenko, Anna R.},
  date = {2015-09},
  journaltitle = {Biophysical Journal},
  volume = {109},
  pages = {1295--1306},
  issn = {00063495},
  doi = {10.1016/j.bpj.2015.06.056},
  url = {https://linkinghub.elsevier.com/retrieve/pii/S0006349515006670},
  urldate = {2019-03-26},
  file = {/Users/alexsha/Zotero/storage/2RXCNKFC/Goncearenco et al. - 2015 - Structural Perspectives on the Evolutionary Expans.pdf},
  keywords = {article,vak},
  langid = {english},
  number = {6}
}

@article{gorkovets_joint_2018,
  title = {Joint {{Effect}} of {{Histone H1 Amino Acid Sequence}} and {{DNA Nucleotide Sequence}} on the {{Structure}} of {{Chromatosomes}}: {{Analysis}} by {{Molecular Modeling Methods}}},
  shorttitle = {Joint {{Effect}} of {{Histone H1 Amino Acid Sequence}} and {{DNA Nucleotide Sequence}} on the {{Structure}} of {{Chromatosomes}}},
  author = {Gorkovets, T. K. and Armeev, G. A. and Shaitan, K. V. and Shaytan, A. K.},
  date = {2018-04},
  journaltitle = {Moscow University Biological Sciences Bulletin},
  volume = {73},
  pages = {82--87},
  issn = {0096-3925, 1934-791X},
  doi = {10.3103/S0096392518020025},
  url = {http://link.springer.com/10.3103/S0096392518020025},
  urldate = {2019-03-26},
  file = {/Users/alexsha/Zotero/storage/C4DH8W9H/Gorkovets et al. - 2018 - Joint Effect of Histone H1 Amino Acid Sequence and.pdf},
  keywords = {article,vak},
  langid = {english},
  number = {2}
}

@article{gorkovets_mutual_2018,
  title = {Mutual Influence of Linker Histone {{H1}} Amino Acid Sequence and {{DNA}} Nucleotide Sequence on the Linker Histone {{H1}} Position in Chromatosome},
  author = {Gorkovets, T. K. and Armeev, G. A. and Shaitan, K. V. and Shaytan, A K},
  date = {2018},
  journaltitle = {FEBS open bio},
  shortjournal = {FEBS open bio},
  volume = {8},
  pages = {346--346},
  issn = {2211-5463},
  doi = {10.1002/2211-5463.12453},
  url = {https://doi.org/10.1002/2211-5463.12453},
  issue = {Supplement S1},
  keywords = {abstract,vak},
  langid = {english}
}

@article{greshnova_sinteticheskaya_2019,
  title = {Синтетическая Биология: Конструирование Живого},
  author = {{Грешнова, А.А.} and {Глухов, Г.С.} and {Шайтан, А.К.}},
  date = {2019},
  journaltitle = {Химия и Жизнь  - XXI век},
  pages = {32--38},
  keywords = {abstract,novak},
  number = {9}
}

@article{gribkova_construction_2019,
  title = {Construction and Analysis of an Interactome between Nucleosomes and Chromatin Proteins},
  author = {Gribkova, A. K. and Shaytan, A. K.},
  date = {2019},
  journaltitle = {FEBS Open Bio},
  volume = {9},
  pages = {393},
  doi = {10.1002/2211-5463.12675},
  issue = {sup1},
  keywords = {abstract,vak}
}

@article{gribkova_investigation_2017,
  title = {Investigation of Histone-{{DNA}} Binding Energy as a Function of {{DNA}} Unwrapping from Nucleosome Using Molecular Modeling},
  author = {Gribkova, A. K. and Armeev, G. A. and Shaytan, A. K.},
  date = {2017-07},
  journaltitle = {Moscow University Biological Sciences Bulletin},
  volume = {72},
  pages = {142--145},
  issn = {0096-3925, 1934-791X},
  doi = {10.3103/S009639251703004X},
  url = {http://link.springer.com/10.3103/S009639251703004X},
  urldate = {2019-03-26},
  file = {/Users/alexsha/Zotero/storage/L367ZDXF/Gribkova et al. - 2017 - Investigation of histone-DNA binding energy as a f.pdf},
  keywords = {article,vak},
  langid = {english},
  number = {3}
}

@article{hada_histone_2019,
  title = {Histone {{Octamer Structure Is Altered Early}} in {{ISW2 ATP}}-{{Dependent Nucleosome Remodeling}}},
  author = {Hada, Arjan and Hota, Swetansu K. and Luo, Jie and Lin, Yuan-chi and Kale, Seyit and Shaytan, Alexey K. and Bhardwaj, Saurabh K. and Persinger, Jim and Ranish, Jeff and Panchenko, Anna R. and Bartholomew, Blaine},
  date = {2019-07-02},
  journaltitle = {Cell Reports},
  shortjournal = {Cell Reports},
  volume = {28},
  pages = {282-294.e6},
  issn = {2211-1247},
  doi = {10.1016/j.celrep.2019.05.106},
  url = {https://www.cell.com/cell-reports/abstract/S2211-1247(19)30745-4},
  urldate = {2019-07-06},
  eprint = {31269447},
  eprinttype = {pmid},
  file = {/Users/alexsha/Zotero/storage/EIZQE7U2/Hada и др. - 2019 - Histone Octamer Structure Is Altered Early in ISW2.pdf;/Users/alexsha/Zotero/storage/XY9DTVXI/Hada et al. - 2019 - Histone Octamer Structure Is Altered Early in ISW2.pdf;/Users/alexsha/Zotero/storage/ZXZS3PU5/Hada et al. - 2019 - Histone Octamer Structure Is Altered Early in ISW2.pdf},
  keywords = {article,high_impact,ISWI,vak},
  langid = {english},
  number = {1}
}

@article{kasimova_investigation_2014,
  title = {Investigation of {{Ion Permeation}} through the {{Cx26 Hemichannel}}},
  author = {Kasimova, Marina and Shaytan, Alexey and Shaitan, Konstantin and Tarek, Mounir},
  date = {2014-01},
  journaltitle = {Biophysical Journal},
  volume = {106},
  pages = {556a},
  issn = {00063495},
  doi = {10.1016/j.bpj.2013.11.3093},
  url = {https://linkinghub.elsevier.com/retrieve/pii/S000634951304352X},
  urldate = {2019-03-26},
  file = {/Users/alexsha/Zotero/storage/EP78G4SU/Kasimova et al. - 2014 - Investigation of Ion Permeation through the Cx26 H.pdf},
  keywords = {abstract,vak},
  langid = {english},
  number = {2}
}

@article{kasimova_molecular_2014,
  title = {Molecular {{Insights}} into {{Electroporation}} and {{Electrotransfer}} through {{Model Cell Membranes}}},
  author = {Kasimova, Marina and Delemotte, Lucie and Polak, Andraz and Miklavcic, Damijan and Casciola, Maura and Apollonio, Francesca and Breton, Marie and Mir, Luis and Shaytan, Alexey and Shaitan, Konstantin and Tarek, Mounir},
  date = {2014-01},
  journaltitle = {Biophysical Journal},
  volume = {106},
  pages = {291a},
  issn = {00063495},
  doi = {10.1016/j.bpj.2013.11.1701},
  url = {https://linkinghub.elsevier.com/retrieve/pii/S0006349513029597},
  urldate = {2019-03-26},
  file = {/Users/alexsha/Zotero/storage/PWEEVE6L/Kasimova et al. - 2014 - Molecular Insights into Electroporation and Electr.pdf},
  keywords = {abstract,vak},
  langid = {english},
  number = {2}
}

@article{kasimova_voltage-gated_2014,
  title = {Voltage-Gated Ion Channel Modulation by Lipids: {{Insights}} from Molecular Dynamics Simulations},
  shorttitle = {Voltage-Gated Ion Channel Modulation by Lipids},
  author = {Kasimova, Marina A. and Tarek, Mounir and Shaytan, Alexey K. and Shaitan, Konstantin V. and Delemotte, Lucie},
  date = {2014-05},
  journaltitle = {Biochimica et Biophysica Acta (BBA) - Biomembranes},
  volume = {1838},
  pages = {1322--1331},
  issn = {00052736},
  doi = {10.1016/j.bbamem.2014.01.024},
  url = {https://linkinghub.elsevier.com/retrieve/pii/S0005273614000327},
  urldate = {2019-03-26},
  file = {/Users/alexsha/Zotero/storage/P9NBAUK4/Kasimova et al. - 2014 - Voltage-gated ion channel modulation by lipids In.pdf},
  keywords = {article,high_impact,vak},
  langid = {english},
  number = {5}
}

@article{levtsova_molecular_2009,
  title = {Molecular Dynamics of Zervamicin {{II}} and Its Analogs in Water and Methanol},
  author = {Levtsova, O. V. and Antonov, M. Yu. and Shaitan, A. K. and Orshanskii, I. A. and Nikolaev, I. N. and Shaitan, K. V.},
  date = {2009-08},
  journaltitle = {Biophysics},
  volume = {54},
  pages = {437--441},
  issn = {0006-3509, 1555-6654},
  doi = {10.1134/S000635090904006X},
  url = {http://link.springer.com/10.1134/S000635090904006X},
  urldate = {2019-03-26},
  file = {/Users/alexsha/Zotero/storage/5BXXSSTF/Levtsova et al. - 2009 - Molecular dynamics of zervamicin II and its analog.pdf},
  keywords = {article,vak},
  langid = {english},
  number = {4}
}

@article{lyubitelev_structure_2016,
  title = {Structure and Functions of Linker Histones},
  author = {Lyubitelev, A. V. and Nikitin, D. V. and Shaytan, A. K. and Studitsky, V. M. and Kirpichnikov, M. P.},
  date = {2016-03},
  journaltitle = {Biochemistry (Moscow)},
  volume = {81},
  pages = {213--223},
  issn = {0006-2979, 1608-3040},
  doi = {10.1134/S0006297916030032},
  url = {http://link.springer.com/10.1134/S0006297916030032},
  urldate = {2019-03-26},
  file = {/Users/alexsha/Zotero/storage/AC6BUQIY/Lyubitelev et al. - 2016 - Structure and functions of linker histones.pdf},
  keywords = {article,chromatin structure,eukaryotic transcription,linker histones,vak},
  langid = {english},
  number = {3}
}

@article{nikolaev_dynamics_2010,
  title = {Динамика Моделей Зервамицинового Канала},
  author = {Николаев, И. Н. and Левцова, О. В. and Шайтан, А. К. and Шайтан, К. В.},
  date = {2010},
  journaltitle = {ВЕСТНИК ЯГУ},
  volume = {7},
  pages = {67--72},
  file = {/Users/alexsha/Zotero/storage/MZYV7J8W/Николаев И.Н., Левцова О.В., Шайтан А... - Динамика моделей зервамицинового канала.pdf},
  keywords = {article,vak},
  number = {3}
}

@article{nikolaev_vzaimodeistvie_2010,
  title = {Взаимодействие Зервамицина {{IIB}} с Липидными Бислоями},
  author = {Николаев, И. Н. and Левцова, О. В. and Шайтан, А. К. and Шайтан, К. В.},
  date = {2010},
  journaltitle = {ВЕСТНИК ЯГУ},
  volume = {7},
  pages = {52--64},
  file = {/Users/alexsha/Zotero/storage/4HUPDT4A/Николаев И.Н., Левцова О.В., Шайтан А... - Взаимодействие зервамицина IIB с липидными бислоями.pdf},
  keywords = {article,vak},
  number = {1}
}

@article{nishi_physicochemical_2014,
  title = {Physicochemical Mechanisms of Protein Regulation by Phosphorylation},
  author = {Nishi, Hafumi and Shaytan, Alexey and Panchenko, Anna R.},
  date = {2014-08-07},
  journaltitle = {Frontiers in Genetics},
  volume = {5},
  issn = {1664-8021},
  doi = {10.3389/fgene.2014.00270},
  url = {http://journal.frontiersin.org/article/10.3389/fgene.2014.00270/abstract},
  urldate = {2019-03-26},
  file = {/Users/alexsha/Zotero/storage/GTE6XC2F/Nishi et al. - 2014 - Physicochemical mechanisms of protein regulation b.pdf},
  keywords = {article,high_impact,vak},
  langid = {english}
}

@article{orekhov_calculation_2012,
  title = {Calculation of Spectral Shifts of the Mutants of Bacteriorhodopsin by {{QM}}/{{MM}} Methods},
  author = {Orekhov, Ph. S. and Shaytan, A. K. and Shaitan, K. V.},
  date = {2012-03},
  journaltitle = {Biophysics},
  volume = {57},
  pages = {144--152},
  issn = {0006-3509, 1555-6654},
  doi = {10.1134/S0006350912020170},
  url = {http://link.springer.com/10.1134/S0006350912020170},
  urldate = {2019-03-26},
  file = {/Users/alexsha/Zotero/storage/DV67BT5F/Orekhov et al. - 2012 - Calculation of spectral shifts of the mutants of b.pdf},
  keywords = {article,vak},
  langid = {english},
  number = {2}
}

@article{shaitan_dynamics_2016,
  title = {The Dynamics of Irreversible Evaporation of a Water–Protein Droplet and the Problem of Structural and Dynamic Experiments with Single Molecules},
  author = {Shaitan, K. V. and Armeev, G. A. and Shaytan, A. K.},
  date = {2016-03},
  journaltitle = {Biophysics},
  volume = {61},
  pages = {177--184},
  issn = {0006-3509, 1555-6654},
  doi = {10.1134/S0006350916020172},
  url = {http://link.springer.com/10.1134/S0006350916020172},
  urldate = {2019-03-26},
  file = {/Users/alexsha/Zotero/storage/K6448LT9/Shaitan et al. - 2016 - The dynamics of irreversible evaporation of a wate.pdf},
  keywords = {article,vak},
  langid = {english},
  number = {2}
}

@article{shaitan_influence_2013,
  title = {Influence of Interionic Interactions on Functional State and Blocker Binding of Voltage-Gated Potassium Channels},
  author = {Shaitan, K. V. and Sokolova, O. S. and Shaitan, A. K. and Kasimova, M. A. and Novoseletskii, V. N. and Kirpichnikov, M. P.},
  date = {2013-03},
  journaltitle = {Moscow University Biological Sciences Bulletin},
  volume = {68},
  pages = {8--14},
  issn = {0096-3925, 1934-791X},
  doi = {10.3103/S0096392513010057},
  url = {http://link.springer.com/10.3103/S0096392513010057},
  urldate = {2019-03-26},
  file = {/Users/alexsha/Zotero/storage/G4J6APHK/Shaitan et al. - 2013 - Influence of interionic interactions on functional.pdf},
  keywords = {article,vak},
  langid = {english},
  number = {1}
}

@article{shaytan_combined_2015,
  title = {Combined Influence of Linker {{DNA}} and Histone Tails on Nucleosome Dynamics as Revealed by Microsecond Molecular Dynamics Simulations},
  author = {Shaytan, Alexey K. and Armeev, Grigoriy A. and Goncearenco, Alexander and Zhurkin, Victor B. and Landsman, David and Panchenko, Anna R.},
  date = {2015-05-18},
  journaltitle = {Journal of Biomolecular Structure and Dynamics},
  volume = {33},
  pages = {3--3},
  issn = {0739-1102, 1538-0254},
  doi = {10.1080/07391102.2015.1032630},
  url = {http://www.tandfonline.com/doi/full/10.1080/07391102.2015.1032630},
  urldate = {2019-03-26},
  file = {/Users/alexsha/Zotero/storage/GHDH4CAJ/Shaytan et al. - 2015 - 6 Combined influence of linker DNA and histone tai.pdf},
  issue = {sup1},
  keywords = {abstract,vak},
  langid = {english}
}

@article{shaytan_coupling_2016,
  title = {Coupling between {{Histone Conformations}} and {{DNA Geometry}} in {{Nucleosomes}} on a {{Microsecond Timescale}}: {{Atomistic Insights}} into {{Nucleosome Functions}}},
  shorttitle = {Coupling between {{Histone Conformations}} and {{DNA Geometry}} in {{Nucleosomes}} on a {{Microsecond Timescale}}},
  author = {Shaytan, Alexey K. and Armeev, Grigoriy A. and Goncearenco, Alexander and Zhurkin, Victor B. and Landsman, David and Panchenko, Anna R.},
  date = {2016-01},
  journaltitle = {Journal of Molecular Biology},
  volume = {428},
  pages = {221--237},
  publisher = {{Elsevier B.V.}},
  issn = {00222836},
  doi = {10.1016/j.jmb.2015.12.004},
  url = {https://linkinghub.elsevier.com/retrieve/pii/S0022283615006956},
  urldate = {2019-03-26},
  file = {/Users/alexsha/Zotero/storage/TQBVKGY5/Shaytan et al. - 2016 - Coupling between Histone Conformations and DNA Geo.pdf},
  keywords = {article,chromatin,epigenetics,high_impact,molecular dynamics simulations,nucleosome dynamics,protein DNA interactions,protein–DNA interactions,vak},
  langid = {english},
  number = {1}
}

@article{shaytan_dinamicheskiy_2006,
  title = {Динамический Молекулярный Дизайн Био-и Нано Структур},
  author = {Шайтан, К.В. and Турлей, Е.В. and Голик, Д.Н. and Терешкина, К.Б. and Левцова, О.В. and Федик, И.В. and Шайтан, А. К. and Ли, А. and Кирпичников, М.П.},
  date = {2006},
  journaltitle = {Российский химический журнал},
  volume = {1},
  pages = {53--65},
  file = {/Users/alexsha/Zotero/storage/338FNR8C/Шайтан К.В., Турлей Е.В., Голик Д.Н.,... - Динамический молекулярный дизайн био- и наноструктур.pdf},
  keywords = {article,novak},
  number = {2}
}

@article{shaytan_free_2010,
  title = {Free Energy Profiles of Amino Acid Side Chain Analogs near Water-Vapor Interface Obtained via {{MD}} Simulations},
  author = {Shaytan, Alexey K. and Ivanov, Victor A. and Shaitan, Konstantin V. and Khokhlov, Alexei R.},
  date = {2010-01-15},
  journaltitle = {Journal of Computational Chemistry},
  volume = {31},
  pages = {204--216},
  issn = {01928651, 1096987X},
  doi = {10.1002/jcc.21267},
  url = {http://doi.wiley.com/10.1002/jcc.21267},
  urldate = {2019-03-26},
  file = {/Users/alexsha/Zotero/storage/KR8RSHNX/Shaytan et al. - 2010 - Free energy profiles of amino acid side chain anal.pdf},
  keywords = {article,high_impact,vak},
  langid = {english},
  number = {1}
}

@article{shaytan_hydroxyl-radical_2017,
  title = {Hydroxyl-Radical Footprinting Combined with Molecular Modeling Identifies Unique Features of {{DNA}} Conformation and Nucleosome Positioning},
  author = {Shaytan, Alexey K. and Xiao, Hua and Armeev, Grigoriy A. and Wu, Carl and Landsman, David and Panchenko, Anna R.},
  date = {2017-09-19},
  journaltitle = {Nucleic Acids Research},
  volume = {45},
  pages = {9229--9243},
  publisher = {{Oxford University Press}},
  issn = {0305-1048, 1362-4962},
  doi = {10.1093/nar/gkx616},
  url = {https://academic.oup.com/nar/article/45/16/9229/3976474},
  urldate = {2019-03-26},
  file = {/Users/alexsha/Zotero/storage/4IXXJ2XL/Shaytan et al. - 2017 - Hydroxyl-radical footprinting combined with molecu.pdf;/Users/alexsha/Zotero/storage/LAFALYSX/nar-01210-f-2017-File010.pdf;/Users/alexsha/Zotero/storage/QVRJPG6Z/Shaytan et al. - 2017 - Hydroxyl-radical footprinting combined with molecu.pdf},
  keywords = {article,high_impact,vak},
  langid = {english},
  number = {16}
}

@article{shaytan_large-scale_2010,
  title = {Large-Scale Atomistic Simulation of a Nanosized Fibril Formed by Thiophene–Peptide “Molecular Chimeras”},
  author = {Shaytan, Alexey K. and Khokhlov, Alexei R. and Khalatur, Pavel G.},
  date = {2010},
  journaltitle = {Soft Matter},
  volume = {6},
  pages = {1453},
  issn = {1744-683X, 1744-6848},
  doi = {10.1039/b918562c},
  url = {http://xlink.rsc.org/?DOI=b918562c},
  urldate = {2019-03-26},
  file = {/Users/alexsha/Zotero/storage/JAMLU93Z/Shaytan et al. - 2010 - Large-scale atomistic simulation of a nanosized fi.pdf},
  keywords = {article,high_impact,vak},
  langid = {english},
  number = {7}
}

@article{shaytan_microsecond_2017,
  title = {Microsecond Molecular Dynamics Simulations of Nucleosomes: Implications for Nucleosome Function},
  author = {Shaytan, Alexey K and {Armeev, G.A.} and Goncearenco, Alexander and Zhurkin, Victor B. and Landsman, David and Panchenko, Anna R},
  date = {2017-04},
  journaltitle = {Biochemistry and Cell Biology},
  volume = {95},
  pages = {179--184},
  doi = {10.1139/bcb-2017-0043},
  url = {http://www.nrcresearchpress.com/doi/10.1139/bcb-2017-0043},
  urldate = {2019-03-26},
  file = {/Users/alexsha/Zotero/storage/E9UUVII9/2017 - Abstracts from the 2015 Asilomar Chromatin, Chromo.pdf},
  keywords = {abstract,vak},
  langid = {english}
}

@article{shaytan_molekularnaya_2005,
  title = {Молекулярная Динамика и Дизайн Био- и Наноструктур},
  author = {Шайтан, К. В. and Турлей, Е. В. and Голик, Д. Н. and Терешкина, К. Б. and Левцова, О. В. and Федик, И. В. and Шайтан, А. К. and Кирпичников, М. П.},
  date = {2005},
  journaltitle = {Вестник биотехнологии},
  volume = {1},
  pages = {66--78},
  file = {/Users/alexsha/Zotero/storage/XUQSX7FI/Шайтан К.В., Турлей Е.В., Голик Д.Н.,... - Молекулярная динамика и дизайн био- и наноструктур.pdf},
  keywords = {article,vak},
  number = {1}
}

@article{shaytan_neravnovesnaya_2006,
  title = {Неравновесная Молекулярная Динамика Наноструктур, Включая Биологические},
  author = {Шайтан, К. В. and Турлей, Е. В. and Голик, Д. Н. and Терешкина, К. Б. and Левцова, О. В. and Федик, И. В. and Шайтан, А. К. and Кирпичников, М. П.},
  date = {2006},
  journaltitle = {Химическая физика},
  volume = {25},
  pages = {31--48},
  file = {/Users/alexsha/Zotero/storage/6QPIF8C8/Шайтан К.В., Турлей Е.В., Голик Д.Н.,... - Неравновесная молекулярная динамика наноструктур, включая биологически.pdf},
  keywords = {article,vak},
  number = {9}
}

@article{shaytan_nucleosome_2015,
  title = {Nucleosome Adaptability Conferred by Sequence and Structural Variations in Histone {{H2A}}-{{H2B}} Dimers},
  author = {Shaytan, Alexey K. and Landsman, David and Panchenko, Anna R.},
  date = {2015-06},
  journaltitle = {Current Opinion in Structural Biology},
  shortjournal = {Curr. Opin. Struct. Biol.},
  edition = {2015/03/04},
  volume = {32},
  pages = {48--57},
  issn = {1879-033X},
  doi = {10.1016/j.sbi.2015.02.004},
  eprint = {25731851},
  eprinttype = {pmid},
  file = {/Users/alexsha/Zotero/storage/CXLDRH54/Shaytan et al. - 2015 - Nucleosome adaptability conferred by sequence and .pdf;/Users/alexsha/Zotero/storage/P7PXVM8Z/Shaytan et al. - 2015 - Nucleosome adaptability conferred by sequence and .pdf},
  keywords = {article,high_impact,vak},
  langid = {english},
  pmcid = {PMC4512853}
}

@article{shaytan_nucleosome_2016,
  title = {Nucleosome {{Dynamics}} at {{Microsecond Timescale}}: {{DNA}}-{{Protein Interactions}}, {{Water}}-{{Mediated Interactions}} and {{Nucleosome Formation}}},
  shorttitle = {Nucleosome {{Dynamics}} at {{Microsecond Timescale}}},
  author = {Shaytan, Alexey K. and Armeev, Grigory A. and Goncearenco, Alexander and Zhurkin, Victor B. and Landsman, David and Panchenko, Anna R.},
  date = {2016-02},
  journaltitle = {Biophysical Journal},
  volume = {110},
  pages = {405a},
  issn = {00063495},
  doi = {10.1016/j.bpj.2015.11.2189},
  url = {https://linkinghub.elsevier.com/retrieve/pii/S000634951503372X},
  urldate = {2019-03-26},
  file = {/Users/alexsha/Zotero/storage/YSMEFUR9/Shaytan et al. - 2016 - Nucleosome Dynamics at Microsecond Timescale DNA-.pdf},
  keywords = {abstract,vak},
  langid = {english},
  number = {3}
}

@inproceedings{shaytan_peptide_2006,
  title = {Peptide Dynamics at Water-Membrane Interface},
  booktitle = {Proceedings of the {{Fifth International Conference}}  on {{Bioinformatics}} of {{Genome Regulation}} and {{Structure}}},
  author = {Shaytan, A K and Khokhlov, Alexei R. and Ivanov, Victor A.},
  date = {2006},
  volume = {1},
  pages = {320},
  url = {http://www.bionet.nsc.ru/meeting/bgrs_proceedings/papers/2006/BGRS_2006_V1_073.pdf},
  urldate = {2019-04-17},
  file = {/Users/alexsha/Zotero/storage/WGAAYPA9/BGRS_2006_V1_073.pdf},
  keywords = {abstract,novak}
}

@article{shaytan_polymorphism_2015,
  title = {Polymorphism of {{Histone Tail Interactions}} in {{Nucleosome}}},
  author = {Shaytan, Alexey K. and Armeev, Grigory A. and Zhurkin, Victor B. and Landsman, David and Panchenko, Anna R.},
  date = {2015-01},
  journaltitle = {Biophysical Journal},
  volume = {108},
  pages = {72a},
  issn = {00063495},
  doi = {10.1016/j.bpj.2014.11.431},
  url = {https://linkinghub.elsevier.com/retrieve/pii/S0006349514016403},
  urldate = {2019-03-26},
  file = {/Users/alexsha/Zotero/storage/FWLAQ8CN/Shaytan et al. - 2015 - Polymorphism of Histone Tail Interactions in Nucle.pdf},
  keywords = {abstract,vak},
  langid = {english},
  number = {2}
}

@article{shaytan_self-assembling_2011,
  title = {Self-{{Assembling Nanofibers}} from {{Thiophene}}–{{Peptide Diblock Oligomers}}: {{A Combined Experimental}} and {{Computer Simulations Study}}},
  shorttitle = {Self-{{Assembling Nanofibers}} from {{Thiophene}}–{{Peptide Diblock Oligomers}}},
  author = {Shaytan, Alexey K. and Schillinger, Eva-Kathrin and Khalatur, Pavel G. and Mena-Osteritz, Elena and Hentschel, Jens and Börner, Hans G. and Bäuerle, Peter and Khokhlov, Alexei R.},
  date = {2011-09-27},
  journaltitle = {ACS Nano},
  volume = {5},
  pages = {6894--6909},
  issn = {1936-0851, 1936-086X},
  doi = {10.1021/nn2011943},
  url = {http://pubs.acs.org/doi/10.1021/nn2011943},
  urldate = {2019-03-26},
  file = {/Users/alexsha/Zotero/storage/5TGEB72J/Shaytan et al. - 2011 - Self-Assembling Nanofibers from Thiophene–Peptide .pdf},
  keywords = {article,high_impact,vak},
  langid = {english},
  number = {9}
}

@article{shaytan_self-organizing_2011,
  title = {Self-Organizing Bioinspired Oligothiophene–Oligopeptide Hybrids},
  author = {Shaytan, Alexey K and Schillinger, Eva-Kathrin and Mena-Osteritz, Elena and Schmid, Sylvia and Khalatur, Pavel G and Bäuerle, Peter and Khokhlov, Alexei R},
  date = {2011-09-05},
  journaltitle = {Beilstein Journal of Nanotechnology},
  volume = {2},
  pages = {525--544},
  issn = {2190-4286},
  doi = {10.3762/bjnano.2.57},
  url = {http://www.beilstein-journals.org/bjnano/content/2/1/57},
  urldate = {2019-03-26},
  file = {/Users/alexsha/Zotero/storage/S589VVJQ/Shaytan et al. - 2011 - Self-organizing bioinspired oligothiophene–oligope.pdf},
  keywords = {article,high_impact,vak},
  langid = {english}
}

@article{shaytan_solvent_2009,
  title = {Solvent {{Accessible Surface Area}} of {{Amino Acid Residues}} in {{Globular Proteins}}: {{Correlation}} of {{Apparent Transfer Free Energies}} with {{Experimental Hydrophobicity Scales}}},
  shorttitle = {Solvent {{Accessible Surface Area}} of {{Amino Acid Residues}} in {{Globular Proteins}}},
  author = {Shaytan, Alexey K. and Shaitan, Konstantin V. and Khokhlov, Alexei R.},
  date = {2009-05-11},
  journaltitle = {Biomacromolecules},
  volume = {10},
  pages = {1224--1237},
  issn = {1525-7797, 1526-4602},
  doi = {10.1021/bm8015169},
  url = {https://pubs.acs.org/doi/10.1021/bm8015169},
  urldate = {2019-03-26},
  file = {/Users/alexsha/Zotero/storage/X23F9KWB/Shaytan et al. - 2009 - Solvent Accessible Surface Area of Amino Acid Resi.pdf},
  keywords = {article,high_impact,vak},
  langid = {english},
  number = {5}
}

@article{shaytan_structural_2018,
  title = {Structural Interpretation of {{DNA}}–Protein Hydroxyl-Radical Footprinting Experiments with High Resolution Using {{HYDROID}}},
  author = {Shaytan, Alexey K. and Xiao, Hua and Armeev, Grigoriy A. and Gaykalova, Daria A. and Komarova, Galina A. and Wu, Carl and Studitsky, Vasily M. and Landsman, David and Panchenko, Anna R.},
  date = {2018-11},
  journaltitle = {Nature Protocols},
  volume = {13},
  pages = {2535--2556},
  issn = {1754-2189, 1750-2799},
  doi = {10.1038/s41596-018-0048-z},
  url = {http://www.nature.com/articles/s41596-018-0048-z},
  urldate = {2019-03-26},
  file = {/Users/alexsha/Zotero/storage/E8S2G42H/Shaytan et al. - 2018 - Structural interpretation of DNA–protein hydroxyl-.pdf},
  keywords = {article,high_impact,vak},
  langid = {english},
  number = {11}
}

@incollection{shaytan_supercomputernoe_2009,
  title = {Суперкомпьютерное конструирование биоорганических нанопроводов},
  booktitle = {Суперкомпьютерные технологии в науке, образовании и промышленности},
  author = {Шайтан, А. К. and Халатур, П. Г. and Хохлов, А. Р.},
  editor = {Садовничий, В. А. and Савин, В. В. and Воеводин, В. В.},
  date = {2009},
  pages = {51--56},
  publisher = {{Издательство Московского Университета}},
  file = {/Users/alexsha/Zotero/storage/XPD4BWZA/Шайтан et al. 2009 - Суперкомпьютерное конструирование биоорганических нанопроводов.pdf},
  keywords = {article,novak},
  langid = {russian}
}

@thesis{shaytan_thesis_kfmn_2010,
  title = {Компьютерное Моделирование и Статистический Анализ Самоорганизующихся Молекулярных Систем На Основе Пептидов},
  author = {{Шайтан, А.К.}},
  date = {2010},
  institution = {{МГУ имени М.В. Ломоносова}},
  keywords = {thesis},
  type = {диссертация на соискание степени кандидата физико-математических наук}
}

@thesis{shaytan_thesis_ulm_2012,
  title = {Computer Simulations of Self-Assembling Nanofibers from Thiophene-Peptide Oligomers},
  author = {Shaytan, Alexey K.},
  date = {2012},
  institution = {{Universität Ulm}},
  doi = {http://dx.doi.org/10.18725/OPARU-1936},
  url = {https://oparu.uni-ulm.de/xmlui/handle/123456789/1963},
  urldate = {2019-04-17},
  file = {/Users/alexsha/Zotero/storage/QBPNH6Q8/Shaytan - 2012 - Computer simulations of self-assembling nanofibers.pdf;/Users/alexsha/Zotero/storage/3KK4GPC2/1963.html},
  keywords = {thesis},
  langid = {english},
  type = {Dissertation}
}

@article{shaytan_trajectories_2016,
  title = {Trajectories of Microsecond Molecular Dynamics Simulations of Nucleosomes and Nucleosome Core Particles},
  author = {Shaytan, Alexey K. and Armeev, Grigoriy A. and Goncearenco, Alexander and Zhurkin, Victor B. and Landsman, David and Panchenko, Anna R.},
  date = {2016-06},
  journaltitle = {Data in Brief},
  edition = {2016/05/26},
  volume = {7},
  pages = {1678--1681},
  issn = {23523409},
  doi = {10.1016/j.dib.2016.04.073},
  url = {https://linkinghub.elsevier.com/retrieve/pii/S2352340916302876},
  urldate = {2019-03-26},
  file = {/Users/alexsha/Zotero/storage/2FBFLMMC/Shaytan et al. - 2016 - Trajectories of microsecond molecular dynamics sim.pdf},
  keywords = {article,vak},
  langid = {english}
}

@article{shaytan_water_2014,
  title = {Water Mediated Interactions in Nucleosomes},
  author = {Shaytan, Alexey and Panchenko, Anna},
  date = {2014-08-10},
  journaltitle = {Abstracts of Papers of the American Chemical Society},
  shortjournal = {Abstr. Pap. Am. Chem. Soc.},
  volume = {248},
  issn = {0065-7727},
  annotation = {WOS:000349165104411},
  file = {/Users/alexsha/Zotero/storage/X3H4D39Y/Result Content View.pdf},
  keywords = {abstract,novak},
  langid = {english}
}

@article{sokolova_genome_2014,
  title = {Genome Packaging in {{EL}} and {{Lin68}}, Two Giant {{phiKZ}}-like Bacteriophages of {{P}}. Aeruginosa},
  author = {Sokolova, O.S. and Shaburova, O.V. and Pechnikova, E.V. and Shaytan, A.K. and Krylov, S.V. and Kiselev, N.A. and Krylov, V.N.},
  date = {2014-11},
  journaltitle = {Virology},
  volume = {468-470},
  pages = {472--478},
  issn = {00426822},
  doi = {10.1016/j.virol.2014.09.002},
  url = {https://linkinghub.elsevier.com/retrieve/pii/S0042682214004139},
  urldate = {2019-03-26},
  file = {/Users/alexsha/Zotero/storage/UNQJ8D92/Sokolova et al. - 2014 - Genome packaging in EL and Lin68, two giant phiKZ-.pdf},
  keywords = {article,high_impact,vak},
  langid = {english}
}

@article{valieva_large-scale_2016,
  title = {Large-Scale {{ATP}}-Independent Nucleosome Unfolding by a Histone Chaperone},
  author = {Valieva, Maria E and Armeev, Grigoriy A and Kudryashova, Kseniya S and Gerasimova, Nadezhda S and Shaytan, Alexey K and Kulaeva, Olga I and McCullough, Laura L and Formosa, Tim and Georgiev, Pavel G and Kirpichnikov, Mikhail P and Studitsky, Vasily M and Feofanov, Alexey V},
  date = {2016-12},
  journaltitle = {Nature Structural \& Molecular Biology},
  volume = {23},
  pages = {1111--1116},
  publisher = {{Nature Publishing Group}},
  issn = {1545-9993, 1545-9985},
  doi = {10.1038/nsmb.3321},
  url = {http://www.nature.com/articles/nsmb.3321},
  urldate = {2019-03-26},
  file = {/Users/alexsha/Zotero/storage/G67J59AY/Valieva et al. - 2016 - Large-scale ATP-independent nucleosome unfolding b.pdf;/Users/alexsha/Zotero/storage/VBTMW9PV/41594_2016_BFnsmb3321_MOESM53_ESM.pdf},
  keywords = {article,high_impact,important stuff,vak},
  langid = {english},
  number = {12}
}

@article{xiao_molecular_2017,
  title = {Molecular Basis of {{CENP}}-{{C}} Association with the {{CENP}}-{{A}} Nucleosome at Yeast Centromeres},
  author = {Xiao, Hua and Wang, Feng and Wisniewski, Jan and Shaytan, Alexey K. and Ghirlando, Rodolfo and FitzGerald, Peter C. and Huang, Yingzi and Wei, Debbie and Li, Shipeng and Landsman, David and Panchenko, Anna R. and Wu, Carl},
  date = {2017-10-01},
  journaltitle = {Genes \& Development},
  edition = {2017/10/28},
  volume = {31},
  pages = {1958--1972},
  issn = {0890-9369, 1549-5477},
  doi = {10.1101/gad.304782.117},
  url = {http://genesdev.cshlp.org/lookup/doi/10.1101/gad.304782.117},
  urldate = {2019-03-26},
  eprint = {29074736},
  eprinttype = {pmid},
  file = {/Users/alexsha/Zotero/storage/2ZVWQAP6/Xiao et al. - 2017 - Molecular basis of CENP-C association with the CEN.pdf},
  keywords = {*Models; Molecular,*Saccharomyces cerevisiae/chemistry/metabolism,article,AT Rich Sequence,AT-rich DNA,budding yeast,Budding yeast,centromere,Centromere,Centromere Protein A/chemistry/*metabolism,Centromere/chemistry/*metabolism,Chromosomal Proteins; Non-Histone/chemistry/*metabolism,Cse4/CENP-A,Dimerization,DNA-Binding Proteins/metabolism,DNA; Satellite/metabolism,high_impact,Humans,Mif2/CENP-C,nucleosome,Nucleosome,Nucleosomes/*chemistry/*metabolism,Protein Binding,Protein Structure; Tertiary,References,Saccharomyces cerevisiae Proteins/metabolism,vak},
  langid = {english},
  number = {19}
}

@article{yolamanova_peptide_2013,
  title = {Peptide Nanofibrils Boost Retroviral Gene Transfer and Provide a Rapid Means for Concentrating Viruses},
  author = {Yolamanova, Maral and Meier, Christoph and Shaytan, Alexey K. and Vas, Virag and Bertoncini, Carlos W. and Arnold, Franziska and Zirafi, Onofrio and Usmani, Shariq M. and Müller, Janis A. and Sauter, Daniel and Goffinet, Christine and Palesch, David and Walther, Paul and Roan, Nadia R. and Geiger, Hartmut and Lunov, Oleg and Simmet, Thomas and Bohne, Jens and Schrezenmeier, Hubert and Schwarz, Klaus and Ständker, Ludger and Forssmann, Wolf-Georg and Salvatella, Xavier and Khalatur, Pavel G. and Khokhlov, Alexei R. and Knowles, Tuomas P. J. and Weil, Tanja and Kirchhoff, Frank and Münch, Jan},
  date = {2013-02},
  journaltitle = {Nature Nanotechnology},
  volume = {8},
  pages = {130--136},
  issn = {1748-3387, 1748-3395},
  doi = {10.1038/nnano.2012.248},
  url = {http://www.nature.com/articles/nnano.2012.248},
  urldate = {2019-03-25},
  file = {/Users/alexsha/Zotero/storage/3DWHLII3/Yolamanova et al. - 2013 - Peptide nanofibrils boost retroviral gene transfer.pdf;/Users/alexsha/Zotero/storage/IKFHAMSU/Yolamanova et al. - 2013 - Peptide nanofibrils boost retroviral gene transfer.pdf;/Users/alexsha/Zotero/storage/QAT2BMPU/nnano.2012.248-s1.pdf;/Users/alexsha/Zotero/storage/XYAZDVNP/Yolamanova et al. - 2013 - Peptide nanofibrils boost retroviral gene transfer.pdf},
  keywords = {article,high_impact,vak},
  langid = {english},
  number = {2}
}


